{
  "leader": "04354cam a2200529Ia 4500",
  "fields": [
    {
      "001": "ocm70676538\\"
    },
    {
      "003": "OCoLC"
    },
    {
      "005": "20221230113512.0"
    },
    {
      "008": "060719s2007\\\\\\\\inuab\\\\\\\\be\\\\\\001\\0\\eng\\\\"
    },
    {
      "010": {
        "ind1": "\\",
        "ind2": "\\",
        "subfields": [
          {
            "a": "  2006023198"
          }
        ]
      }
    },
    {
      "040": {
        "ind1": "\\",
        "ind2": "\\",
        "subfields": [
          {
            "a": "DLC"
          },
          {
            "b": "eng"
          },
          {
            "c": "DLC"
          },
          {
            "d": "BAKER"
          },
          {
            "d": "C#P"
          },
          {
            "d": "IXA"
          },
          {
            "d": "YDXCP"
          },
          {
            "d": "UKM"
          },
          {
            "d": "BTCTA"
          },
          {
            "d": "NOR"
          },
          {
            "d": "EHF"
          },
          {
            "d": "NLGGC"
          },
          {
            "d": "OCLCG"
          },
          {
            "d": "STF"
          },
          {
            "d": "IG#"
          },
          {
            "d": "HEBIS"
          },
          {
            "d": "DEBBG"
          },
          {
            "d": "OCLCQ"
          },
          {
            "d": "OCL"
          },
          {
            "d": "OCLCQ"
          },
          {
            "d": "YUS"
          },
          {
            "d": "ILU"
          },
          {
            "d": "BDX"
          },
          {
            "d": "OCLCF"
          },
          {
            "d": "FHL"
          },
          {
            "d": "OCLCO"
          },
          {
            "d": "OCLCQ"
          },
          {
            "d": "NJR"
          },
          {
            "d": "GILDS"
          },
          {
            "d": "OCLCO"
          },
          {
            "d": "PAU"
          },
          {
            "d": "OCLCQ"
          },
          {
            "d": "UKMGB"
          },
          {
            "d": "NM7"
          },
          {
            "d": "OCLCO"
          },
          {
            "d": "IOM"
          },
          {
            "d": "OCLCO"
          },
          {
            "d": "Y38"
          },
          {
            "d": "OCLCO"
          },
          {
            "d": "BUF"
          },
          {
            "d": "OCLCQ"
          },
          {
            "d": "SFB"
          },
          {
            "d": "OCLCO"
          },
          {
            "d": "CFI"
          },
          {
            "d": "OCLCO"
          },
          {
            "d": "NKM"
          }
        ]
      }
    },
    {
      "016": {
        "ind1": "7",
        "ind2": "\\",
        "subfields": [
          {
            "a": "013660559"
          },
          {
            "2": "Uk"
          }
        ]
      }
    },
    {
      "016": {
        "ind1": "7",
        "ind2": "\\",
        "subfields": [
          {
            "a": "013660559"
          }
        ]
      }
    },
    {
      "019": {
        "ind1": "\\",
        "ind2": "\\",
        "subfields": [
          {
            "a": "1049769431"
          },
          {
            "a": "1127684877"
          }
        ]
      }
    },
    {
      "020": {
        "ind1": "\\",
        "ind2": "\\",
        "subfields": [
          {
            "a": "0253348862"
          },
          {
            "q": "(alk. paper)"
          }
        ]
      }
    },
    {
      "020": {
        "ind1": "\\",
        "ind2": "\\",
        "subfields": [
          {
            "a": "9780253348869"
          },
          {
            "q": "(alk. paper)"
          }
        ]
      }
    },
    {
      "024": {
        "ind1": "3",
        "ind2": "\\",
        "subfields": [
          {
            "a": "9780253348869"
          }
        ]
      }
    },
    {
      "035": {
        "ind1": "\\",
        "ind2": "\\",
        "subfields": [
          {
            "a": "(OCoLC)70676538"
          },
          {
            "z": "(OCoLC)1049769431"
          },
          {
            "z": "(OCoLC)1127684877"
          }
        ]
      }
    },
    {
      "042": {
        "ind1": "\\",
        "ind2": "\\",
        "subfields": [
          {
            "a": "pcc"
          }
        ]
      }
    },
    {
      "043": {
        "ind1": "\\",
        "ind2": "\\",
        "subfields": [
          {
            "a": "n-usc--"
          }
        ]
      }
    },
    {
      "050": {
        "ind1": "\\",
        "ind2": "4",
        "subfields": [
          {
            "a": "F351"
          },
          {
            "b": "A44 2007"
          }
        ]
      }
    },
    {
      "082": {
        "ind1": "0",
        "ind2": "0",
        "subfields": [
          {
            "a": "977.003"
          },
          {
            "b": "AME"
          }
        ]
      }
    },
    {
      "245": {
        "ind1": "0",
        "ind2": "4",
        "subfields": [
          {
            "a": "The American Midwest :"
          },
          {
            "b": "an interpretive encyclopedia /"
          },
          {
            "c": "general editors, Richard Sisson, Christian Zacher, Andrew Cayton."
          }
        ]
      }
    },
    {
      "260": {
        "ind1": "\\",
        "ind2": "\\",
        "subfields": [
          {
            "a": "Bloomington :"
          },
          {
            "b": "Indiana University Press,"
          },
          {
            "c": "\u00a92007."
          }
        ]
      }
    },
    {
      "300": {
        "ind1": "\\",
        "ind2": "\\",
        "subfields": [
          {
            "a": "xxiv, 1890 pages :"
          },
          {
            "b": "illustrations, maps ;"
          },
          {
            "c": "29 cm"
          }
        ]
      }
    },
    {
      "336": {
        "ind1": "\\",
        "ind2": "\\",
        "subfields": [
          {
            "a": "text"
          },
          {
            "b": "txt"
          },
          {
            "2": "rdacontent"
          }
        ]
      }
    },
    {
      "337": {
        "ind1": "\\",
        "ind2": "\\",
        "subfields": [
          {
            "a": "unmediated"
          },
          {
            "b": "n"
          },
          {
            "2": "rdamedia"
          }
        ]
      }
    },
    {
      "338": {
        "ind1": "\\",
        "ind2": "\\",
        "subfields": [
          {
            "a": "volume"
          },
          {
            "b": "nc"
          },
          {
            "2": "rdacarrier"
          }
        ]
      }
    },
    {
      "504": {
        "ind1": "\\",
        "ind2": "\\",
        "subfields": [
          {
            "a": "Includes bibliographical references and index."
          }
        ]
      }
    },
    {
      "505": {
        "ind1": "0",
        "ind2": "0",
        "subfields": [
          {
            "t": "Reader's guide --"
          },
          {
            "t": "Preface and acknowledgments --"
          },
          {
            "t": "General overview --"
          },
          {
            "g": "[pt. 1]."
          },
          {
            "t": "Landscapes and people --"
          },
          {
            "t": "Portraits of the twelve states --"
          },
          {
            "t": "Images of the Midwest --"
          },
          {
            "t": "Geography --"
          },
          {
            "t": "Peoples --"
          },
          {
            "g": "[pt. 2]."
          },
          {
            "t": "Society and culture --"
          },
          {
            "t": "Language --"
          },
          {
            "t": "Folklore --"
          },
          {
            "t": "Literature --"
          },
          {
            "t": "Arts --"
          },
          {
            "t": "Cultural institutions --"
          },
          {
            "t": "Religion --"
          },
          {
            "t": "Education --"
          },
          {
            "t": "Sports and recreation --"
          },
          {
            "t": "Media and entertainment --"
          },
          {
            "g": "[pt. 3]."
          },
          {
            "t": "Community and social life --"
          },
          {
            "t": "Rural life --"
          },
          {
            "t": "Small-town life --"
          },
          {
            "t": "Urban and suburban life --"
          },
          {
            "g": "[pt. 4]."
          },
          {
            "t": "Economy and technology --"
          },
          {
            "t": "Labor movements and working-class culture --"
          },
          {
            "t": "Transportation --"
          },
          {
            "t": "Science and technology, Health and medicine --"
          },
          {
            "g": "[pt. 5]."
          },
          {
            "t": "Public life --"
          },
          {
            "t": "Constitutional and legal culture --"
          },
          {
            "t": "Politics --"
          },
          {
            "t": "Military affairs --"
          },
          {
            "t": "Index --"
          },
          {
            "t": "About the editors."
          }
        ]
      }
    },
    {
      "520": {
        "ind1": "1",
        "ind2": "\\",
        "subfields": [
          {
            "a": "\"The American Midwest: An Interpretive Encyclopedia seeks to embrace this large and diverse area, to give it voice, and help define its complex, yet distinctive character. Organized by topic, the encyclopedia encourages readers to reflect upon the region as a whole. Each section moves from the general to the specific, covering broad themes in longer introductory essays, filling in the details in the shorter entries that follow. There are portraits of the region's twelve states, their geography and people: Illinois, Indiana, Iowa, Kansas, Michigan, Minnesota, Missouri, Nebraska, North Dakota, Ohio, South Dakota, and Wisconsin. These are followed by entries on society and culture, community and social life, economy and technology, and public life.\""
          }
        ]
      }
    },
    {
      "520": {
        "ind1": "8",
        "ind2": "\\",
        "subfields": [
          {
            "a": "\"Even if you are a casual browser, you will discover in the Encyclopedia facts that will engage, inform, and enlighten. It will introduce you to the region's ethnic diversity, its vast array of foods, languages, styles, religions, and customs. You'll discover Somalis in Ohio, Hmong in Wisconsin, Hispanics in Iowa, and Muslims in Michigan. You'll find research on the history of the region, its culture and values, and its conflicts.\"--Jacket."
          }
        ]
      }
    },
    {
      "651": {
        "ind1": "\\",
        "ind2": "0",
        "subfields": [
          {
            "a": "Middle West"
          },
          {
            "v": "Encyclopedias."
          }
        ]
      }
    },
    {
      "651": {
        "ind1": "\\",
        "ind2": "7",
        "subfields": [
          {
            "a": "Middle West."
          },
          {
            "2": "fast"
          },
          {
            "0": "(OCoLC)fst01240052"
          }
        ]
      }
    },
    {
      "655": {
        "ind1": "\\",
        "ind2": "2",
        "subfields": [
          {
            "a": "Encyclopedia"
          }
        ]
      }
    },
    {
      "655": {
        "ind1": "\\",
        "ind2": "7",
        "subfields": [
          {
            "a": "Encyclopedias."
          },
          {
            "2": "fast"
          },
          {
            "0": "(OCoLC)fst01423798"
          }
        ]
      }
    },
    {
      "655": {
        "ind1": "\\",
        "ind2": "7",
        "subfields": [
          {
            "a": "Encyclopedias."
          },
          {
            "2": "lcgft"
          }
        ]
      }
    },
    {
      "700": {
        "ind1": "1",
        "ind2": "\\",
        "subfields": [
          {
            "a": "Sisson, Richard,"
          },
          {
            "d": "1936-"
          }
        ]
      }
    },
    {
      "700": {
        "ind1": "1",
        "ind2": "\\",
        "subfields": [
          {
            "a": "Zacher, Christian K."
          }
        ]
      }
    },
    {
      "700": {
        "ind1": "1",
        "ind2": "\\",
        "subfields": [
          {
            "a": "Cayton, Andrew R. L."
          },
          {
            "q": "(Andrew Robert Lee),"
          },
          {
            "d": "1954-"
          }
        ]
      }
    },
    {
      "856": {
        "ind1": "4",
        "ind2": "1",
        "subfields": [
          {
            "3": "Table of contents"
          },
          {
            "u": "http://catdir.loc.gov/catdir/toc/ecip0617/2006023198.html"
          }
        ]
      }
    },
    {
      "856": {
        "ind1": "4",
        "ind2": "1",
        "subfields": [
          {
            "3": "Table of conte'ts only"
          },
          {
            "u": "http://catdir.loc.gov/catdir/toc/ecip0617/2006023198.html"
          }
        ]
      }
    },
    {
      "856": {
        "ind1": "4",
        "ind2": "1",
        "subfields": [
          {
            "3": "Table of contents"
          },
          {
            "u": "http://bvbr.bib-bvb.de:8991/F?func=service&doc_library=BVB01&doc_number=015732883&line_number=0001&func_code=DB_RECORDS&service_type=MEDIA"
          }
        ]
      }
    },
    {
      "856": {
        "ind1": "4",
        "ind2": "1",
        "subfields": [
          {
            "3": "Table of contents"
          },
          {
            "u": "http://bvbr.bib-bvb.de:8991/F?func=service&doc_library=BVB01&local_base=BVB01&doc_number=015732883&line_number=0001&func_code=DB_RECORDS&service_type=MEDIA"
          }
        ]
      }
    },
    {
      "994": {
        "ind1": "\\",
        "ind2": "\\",
        "subfields": [
          {
            "a": "Z0"
          },
          {
            "b": "NYRVC"
          }
        ]
      }
    },
    {
      "948": {
        "ind1": "\\",
        "ind2": "\\",
        "subfields": [
          {
            "h": "NO HOLDINGS IN NYRVC - 543 OTHER HOLDINGS"
          }
        ]
      }
    },
    {
      "999": {
        "ind1": "\\",
        "ind2": "\\",
        "subfields": [
          {
            "a": "00000000017807"
          }
        ]
      }
    }
  ]
}